@misc{FedExP,
  doi = {10.48550/ARXIV.2301.09604},
  url = {https://arxiv.org/abs/2301.09604},
  author = {Jhunjhunwala, Divyansh and Wang, Shiqiang and Joshi, Gauri},
  keywords = {Machine Learning (cs.LG), FOS: Computer and information sciences, FOS: Computer and information sciences},
  title = {FedExP: Speeding Up Federated Averaging via Extrapolation},
  publisher = {arXiv},
  year = {2023},
  copyright = {arXiv.org perpetual, non-exclusive license}
}


@MISC{flower,
title = "Flower: A Friendly Federated Learning Framework",
year = "2023",
howpublished = "\url{https://flower.dev/}",
about = "Accessed On: 12 March 2023"}

@article{FewerClientsWorseBehaviour,
  author    = {Peter Kairouz and
               H. Brendan McMahan and
               Brendan Avent and
               Aur{\'{e}}lien Bellet and
               Mehdi Bennis and
               Arjun Nitin Bhagoji and
               Kallista A. Bonawitz and
               Zachary Charles and
               et al.},
  title     = {Advances and Open Problems in Federated Learning},
  journal   = {CoRR},
  volume    = {abs/1912.04977},
  year      = {2019},
  url       = {http://arxiv.org/abs/1912.04977},
  eprinttype = {arXiv},
  eprint    = {1912.04977},
  timestamp = {Mon, 11 Jul 2022 17:29:59 +0200},
  biburl    = {https://dblp.org/rec/journals/corr/abs-1912-04977.bib},
  bibsource = {dblp computer science bibliography, https://dblp.org}
}

@article{signSGD,
  author    = {Sai Praneeth Karimireddy and
               Quentin Rebjock and
               Sebastian U. Stich and
               Martin Jaggi},
  title     = {Error Feedback Fixes SignSGD and other Gradient Compression Schemes},
  journal   = {CoRR},
  volume    = {abs/1901.09847},
  year      = {2019},
  url       = {http://arxiv.org/abs/1901.09847},
  eprinttype = {arXiv},
  eprint    = {1901.09847},
  timestamp = {Sat, 02 Feb 2019 16:56:00 +0100},
  biburl    = {https://dblp.org/rec/journals/corr/abs-1901-09847.bib},
  bibsource = {dblp computer science bibliography, https://dblp.org}
}

@misc{ProxSkip,
  doi = {10.48550/ARXIV.2202.09357},
  url = {https://arxiv.org/abs/2202.09357},
  author = {Mishchenko, Konstantin and Malinovsky, Grigory and Stich, Sebastian and Richt√°rik, Peter},
  keywords = {Machine Learning (cs.LG), Optimization and Control (math.OC), FOS: Computer and information sciences, FOS: Computer and information sciences, FOS: Mathematics, FOS: Mathematics},
  title = {ProxSkip: Yes! Local Gradient Steps Provably Lead to Communication Acceleration! Finally!},
  publisher = {arXiv},
  year = {2022},
  copyright = {arXiv.org perpetual, non-exclusive license}
}

@article{syntheticDatasetGeneration,
  author    = {Anit Kumar Sahu and
               Tian Li and
               Maziar Sanjabi and
               Manzil Zaheer and
               Ameet Talwalkar and
               Virginia Smith},
  title     = {On the Convergence of Federated Optimization in Heterogeneous Networks},
  journal   = {CoRR},
  volume    = {abs/1812.06127},
  year      = {2018},
  url       = {http://arxiv.org/abs/1812.06127},
  eprinttype = {arXiv},
  eprint    = {1812.06127},
  timestamp = {Wed, 23 Dec 2020 09:35:18 +0100},
  biburl    = {https://dblp.org/rec/journals/corr/abs-1812-06127.bib},
  bibsource = {dblp computer science bibliography, https://dblp.org}
}

@article{AdaptiveFederatedOptimisation,
  author    = {Sashank J. Reddi and
               Zachary Charles and
               Manzil Zaheer and
               Zachary Garrett and
               Keith Rush and
               Jakub Kone{\v{c}}n{\'y} and
               Sanjiv Kumar and
               H. Brendan McMahan},
  title     = {Adaptive Federated Optimization},
  journal   = {CoRR},
  volume    = {abs/2003.00295},
  year      = {2020},
  url       = {https://arxiv.org/abs/2003.00295},
  eprinttype = {arXiv},
  eprint    = {2003.00295},
  timestamp = {Thu, 14 Oct 2021 09:16:34 +0200},
  biburl    = {https://dblp.org/rec/journals/corr/abs-2003-00295.bib},
  bibsource = {dblp computer science bibliography, https://dblp.org}
}

@article{ResNet,
  author    = {Kaiming He and
               Xiangyu Zhang and
               Shaoqing Ren and
               Jian Sun},
  title     = {Deep Residual Learning for Image Recognition},
  journal   = {CoRR},
  volume    = {abs/1512.03385},
  year      = {2015},
  url       = {http://arxiv.org/abs/1512.03385},
  eprinttype = {arXiv},
  eprint    = {1512.03385},
  timestamp = {Wed, 25 Jan 2023 11:01:16 +0100},
  biburl    = {https://dblp.org/rec/journals/corr/HeZRS15.bib},
  bibsource = {dblp computer science bibliography, https://dblp.org}
}